@article{article,
author = {Wang, Lanchun and Wang, Shuo},
year = {2013},
month = {09},
pages = {},
title = {A Study of Idiom Translation Strategies between English and Chinese},
volume = {3},
journal = {Theory and Practice in Language Studies},
doi = {10.4304/tpls.3.9.1691-1697}
}